%% This BibTeX bibliography file was created using BibDesk.
%% http://bibdesk.sourceforge.net/


%% Created for Tom Bury at 2019-04-10 15:31:55 -0400 


%% Saved with string encoding Unicode (UTF-8) 



@misc{ipcc13,
	Author = {Stocker, Thomas F and Qin, Dahe and Plattner, Gian-Kasper and Tignor, Melinda and Allen, Simon K and Boschung, Judith and Nauels, Alexander and Xia, Yu and Bex, Vincent and Midgley, Pauline M and others},
	Title = {Climate change 2013: The physical science basis},
	Year = {2013}}

@book{stern06,
	Author = {Stern, Nicholas and Peters, Siobhan and Bakhshi, Vicki and Bowen, Alex and Cameron, Catherine and Catovsky, Sebastian and Crane, Diane and Cruickshank, Sophie and Dietz, Simon and Edmonson, Nicola and others},
	Publisher = {HM treasury London},
	Title = {Stern Review: The economics of climate change},
	Volume = {30},
	Year = {2006}}

@techreport{boden17,
	Author = {Boden, TA and Andres, RJ and Marland, Gregg},
	Institution = {Carbon Dioxide Information Analysis Center (CDIAC), Oak Ridge National~{\ldots}},
	Title = {Global, Regional, and National Fossil-Fuel CO2 Emissions (1751-2014)(V. 2017)},
	Year = {2017}}

@article{kraan18,
	Author = {Kraan, Oscar and Dalderop, Steven and Kramer, Gert Jan and Nikolic, Igor},
	Journal = {Energy Research \& Social Science},
	Pages = {156--165},
	Title = {Jumping to a better world: An agent-based exploration of criticality in low-carbon energy transitions},
	Volume = {47},
	Year = {2019}}

@article{figueres17,
	Author = {Figueres, Christiana and Schellnhuber, Hans Joachim and Whiteman, Gail and Rockstr{\"o}m, Johan and Hobley, Anthony and Rahmstorf, Stefan},
	Journal = {Nature News},
	Number = {7660},
	Pages = {593},
	Title = {Three years to safeguard our climate},
	Volume = {546},
	Year = {2017}}

@article{chappellaz90,
	Author = {Chappellaz, J{\'e}r{\^o}me and Barnola, JM and Raynaud, D and Korotkevich, Ye S and Lorius, C},
	Journal = {Nature},
	Number = {6271},
	Pages = {127},
	Title = {Ice-core record of atmospheric methane over the past 160,000 years},
	Volume = {345},
	Year = {1990}}

@article{kasting93,
	Author = {Kasting, James F and Whitmire, Daniel P and Reynolds, Ray T},
	Journal = {Icarus},
	Number = {1},
	Pages = {108--128},
	Title = {Habitable zones around main sequence stars},
	Volume = {101},
	Year = {1993}}

@article{huntingford00,
	Author = {Huntingford, Chris and Cox, PM},
	Journal = {Climate dynamics},
	Number = {8},
	Pages = {575--586},
	Title = {An analogue model to derive additional climate change scenarios from existing GCM simulations},
	Volume = {16},
	Year = {2000}}

@article{friend97,
	Author = {Friend, AD and Stevens, AK and Knox, RG and Cannell, MGR},
	Journal = {Ecological Modelling},
	Number = {2-3},
	Pages = {249--287},
	Title = {A process-based, terrestrial biosphere model of ecosystem dynamics (Hybrid v3. 0)},
	Volume = {95},
	Year = {1997}}

@article{toggweiler85,
	Author = {Toggweiler, JR and Sarmiento, Jorge L},
	Journal = {The carbon cycle and atmospheric CO2: natural variations archean to present},
	Pages = {163--184},
	Title = {Glacial to interglacial changes in atmospheric carbon dioxide: The critical role of ocean surface water in high latitudes},
	Volume = {32},
	Year = {1985}}

@incollection{gifford93,
	Author = {Gifford, Roger M},
	Booktitle = {The global carbon cycle},
	Pages = {159--199},
	Publisher = {Springer},
	Title = {Implications of CO 2 effects on vegetation for the global carbon budget},
	Year = {1993}}

@book{helbing10,
	Author = {Helbing, Dirk},
	Publisher = {Springer Science \& Business Media},
	Title = {Quantitative sociodynamics: stochastic methods and models of social interaction processes},
	Year = {2010}}

@article{turner03,
	Author = {Turner, Billie Lee and Matson, Pamela A and McCarthy, James J and Corell, Robert W and Christensen, Lindsey and Eckley, Noelle and Hovelsrud-Broda, Grete K and Kasperson, Jeanne X and Kasperson, Roger E and Luers, Amy and others},
	Journal = {Proceedings of the National Academy of Sciences},
	Number = {14},
	Pages = {8080--8085},
	Title = {Illustrating the coupled human--environment system for vulnerability analysis: three case studies},
	Volume = {100},
	Year = {2003}}

@article{delvicario16,
	Author = {Del Vicario, Michela and Bessi, Alessandro and Zollo, Fabiana and Petroni, Fabio and Scala, Antonio and Caldarelli, Guido and Stanley, H Eugene and Quattrociocchi, Walter},
	Journal = {Proceedings of the National Academy of Sciences},
	Number = {3},
	Pages = {554--559},
	Title = {The spreading of misinformation online},
	Volume = {113},
	Year = {2016}}

@article{durrett94,
	Author = {Durrett, Richard and Levin, Simon},
	Journal = {Theoretical population biology},
	Number = {3},
	Pages = {363--394},
	Title = {The importance of being discrete (and spatial)},
	Volume = {46},
	Year = {1994}}

@article{hansen05,
	Author = {Hansen, James and Nazarenko, Larissa and Ruedy, Reto and Sato, Makiko and Willis, Josh and Del Genio, Anthony and Koch, Dorothy and Lacis, Andrew and Lo, Ken and Menon, Surabi and others},
	Journal = {science},
	Number = {5727},
	Pages = {1431--1435},
	Title = {Earth's energy imbalance: Confirmation and implications},
	Volume = {308},
	Year = {2005}}

@misc{schnoor07,
	Author = {Schnoor, Jerald L},
	Title = {The IPCC fourth assessment},
	Year = {2007}}

@article{stoll01,
	Author = {Stoll-Kleemann, Susanne and O'Riordan, Tim and Jaeger, Carlo C},
	Journal = {Global environmental change},
	Number = {2},
	Pages = {107--117},
	Title = {The psychology of denial concerning climate mitigation measures: evidence from Swiss focus groups},
	Volume = {11},
	Year = {2001}}

@book{smith14,
	Author = {Smith, Eliot R and Mackie, Diane M and Claypool, Heather M},
	Publisher = {Psychology Press},
	Title = {Social psychology},
	Year = {2014}}

@article{allcott11,
	Author = {Allcott, Hunt},
	Journal = {Journal of public Economics},
	Number = {9-10},
	Pages = {1082--1095},
	Title = {Social norms and energy conservation},
	Volume = {95},
	Year = {2011}}

@article{baird14,
	Author = {Baird, Julia and Plummer, Ryan and Haug, Constanze and Huitema, Dave},
	Journal = {Global Environmental Change},
	Pages = {51--63},
	Title = {Learning effects of interactive decision-making processes for climate change adaptation},
	Volume = {27},
	Year = {2014}}

@article{galvani16,
	Author = {Galvani, Alison P and Bauch, Chris T and Anand, Madhur and Singer, Burton H and Levin, Simon A},
	Journal = {Proceedings of the National Academy of Sciences},
	Title = {Human--environment interactions in population and ecosystem health},
	Year = {2016}}

@article{henderson16,
	Author = {Henderson, Kirsten A and Bauch, Chris T and Anand, Madhur},
	Journal = {Proceedings of the National Academy of Sciences},
	Number = {51},
	Pages = {14552--14559},
	Title = {Alternative stable states and the sustainability of forests, grasslands, and agriculture},
	Volume = {113},
	Year = {2016}}

@article{bopp13,
	Author = {Bopp, Laurent and Resplandy, L and Orr, James C and Doney, Scott C and Dunne, John P and Gehlen, M and Halloran, P and Heinze, Christoph and Ilyina, Tatiana and Seferian, Roland and others},
	Journal = {Biogeosciences},
	Pages = {6225--6245},
	Title = {Multiple stressors of ocean ecosystems in the 21st century: projections with CMIP5 models},
	Volume = {10},
	Year = {2013}}

@article{raupach11,
	Author = {Raupach, Michael R and Canadell, Josep G and Ciais, Philippe and Friedlingstein, Pierre and Rayner, Peter J and Trudinger, Catherine M},
	Journal = {Tellus B: Chemical and Physical Meteorology},
	Number = {2},
	Pages = {145--164},
	Title = {The relationship between peak warming and cumulative CO2 emissions, and its use to quantify vulnerabilities in the carbon-climate-human system},
	Volume = {63},
	Year = {2011}}

@article{raupach14,
	Author = {Raupach, Michael R and Davis, Steven J and Peters, Glen P and Andrew, Robbie M and Canadell, Josep G and Ciais, Philippe and Friedlingstein, Pierre and Jotzo, Frank and Van Vuuren, Detlef P and Le Quere, Corinne},
	Journal = {Nature Climate Change},
	Number = {10},
	Pages = {873},
	Title = {Sharing a quota on cumulative carbon emissions},
	Volume = {4},
	Year = {2014}}

@article{may04,
	Author = {May, Robert M},
	Journal = {Science},
	Number = {5659},
	Pages = {790--793},
	Title = {Uses and abuses of mathematics in biology},
	Volume = {303},
	Year = {2004}}

@article{oneill14,
	Author = {O'Neill, Brian C and Kriegler, Elmar and Riahi, Keywan and Ebi, Kristie L and Hallegatte, Stephane and Carter, Timothy R and Mathur, Ritu and van Vuuren, Detlef P},
	Journal = {Climatic Change},
	Number = {3},
	Pages = {387--400},
	Title = {A new scenario framework for climate change research: the concept of shared socioeconomic pathways},
	Volume = {122},
	Year = {2014}}

@article{nakicenovic00,
	Author = {Nakicenovic, Nebojsa and Alcamo, Joseph and Davis, Gerald and De Vries, Bert and Fenhann, Joergen and Gaffin, Stuart and Gregory, Kermeth and Griibler, Amulf and Jung, Tae Yong and Kram, Tom and others},
	Title = {Emissions scenarios},
	Year = {2000}}

@article{ison15,
	Author = {Ison, Raymond L and Collins, Kevin B and Wallis, Philip J},
	Journal = {Environmental Science \& Policy},
	Pages = {105--117},
	Title = {Institutionalising social learning: Towards systemic and adaptive governance},
	Volume = {53},
	Year = {2015}}

@article{blackmore07,
	Author = {Blackmore, Chris and Ison, Raymond and Jiggins, Janice},
	Journal = {Environmental Science \& Policy},
	Number = {6},
	Pages = {493--498},
	Title = {Social learning: an alternative policy instrument for managing in the context of Europe's water.},
	Volume = {10},
	Year = {2007}}

@article{lade17,
	Author = {Lade, Steven J and Donges, Jonathan F and Fetzer, Ingo and Anderies, John M and Beer, Christian and Cornell, Sarah E and Gasser, Thomas and Norberg, Jon and Richardson, Katherine and Rockstr{\"o}m, Johan and others},
	Journal = {Earth System Dynamics Discussions},
	Pages = {1--23},
	Title = {Analytically tractable climate-carbon cycle feedbacks under 21st century anthropogenic forcing},
	Year = {2017}}

@article{lenton11,
	Author = {Lenton, Timothy M},
	Journal = {Nature Climate Change},
	Number = {4},
	Pages = {201},
	Title = {Early warning of climate tipping points},
	Volume = {1},
	Year = {2011}}

@article{knutti13,
	Author = {Knutti, Reto and Sedl{\'a}{\v{c}}ek, Jan},
	Journal = {Nature Climate Change},
	Number = {4},
	Pages = {369},
	Title = {Robustness and uncertainties in the new CMIP5 climate model projections},
	Volume = {3},
	Year = {2013}}

@incollection{cialdini91,
	Author = {Cialdini, Robert B and Kallgren, Carl A and Reno, Raymond R},
	Booktitle = {Advances in experimental social psychology},
	Pages = {201--234},
	Publisher = {Elsevier},
	Title = {A focus theory of normative conduct: A theoretical refinement and reevaluation of the role of norms in human behavior},
	Volume = {24},
	Year = {1991}}

@article{weber10,
	Author = {Weber, Elke U},
	Journal = {Wiley Interdisciplinary Reviews: Climate Change},
	Number = {3},
	Pages = {332--342},
	Title = {What shapes perceptions of climate change?},
	Volume = {1},
	Year = {2010}}

@article{kusunoki16,
	Author = {Kusunoki, Shoji},
	Journal = {Climate Dynamics},
	Pages = {1--22},
	Title = {Is the global atmospheric model MRI-AGCM3. 2 better than the CMIP5 atmospheric models in simulating precipitation over East Asia?},
	Year = {2016}}

@article{murphy04,
	Author = {Murphy, James M and Sexton, David MH and Barnett, David N and Jones, Gareth S and Webb, Mark J and Collins, Matthew and Stainforth, David A},
	Journal = {Nature},
	Number = {7001},
	Pages = {768},
	Title = {Quantification of modelling uncertainties in a large ensemble of climate change simulations},
	Volume = {430},
	Year = {2004}}

@article{sterman12,
	Author = {Sterman, John and Fiddaman, Thomas and Franck, Travis and Jones, Andrew and McCauley, Stephanie and Rice, Philip and Sawin, Elizabeth and Siegel, Lori},
	Journal = {System Dynamics Review},
	Number = {3},
	Pages = {295--305},
	Title = {Climate interactive: the C-ROADS climate policy model},
	Volume = {28},
	Year = {2012}}

@book{solomon07,
	Author = {Solomon, Susan},
	Publisher = {Cambridge university press},
	Title = {Climate change 2007-the physical science basis: Working group I contribution to the fourth assessment report of the IPCC},
	Volume = {4},
	Year = {2007}}

@book{houghton96,
	Author = {Houghton, John T},
	Publisher = {Cambridge University Press},
	Title = {Climate change 1995: The science of climate change: contribution of working group I to the second assessment report of the Intergovernmental Panel on Climate Change},
	Volume = {2},
	Year = {1996}}

@article{meissner03,
	Author = {Meissner, KJ and Weaver, AJ and Matthews, HD and Cox, PM},
	Journal = {Climate Dynamics},
	Number = {7-8},
	Pages = {515--537},
	Title = {The role of land surface dynamics in glacial inception: a study with the UVic Earth System Model},
	Volume = {21},
	Year = {2003}}

@article{collins11,
	Author = {Collins, WJ and Bellouin, Nicolas and Doutriaux-Boucher, M and Gedney, N and Halloran, P and Hinton, T and Hughes, J and Jones, CD and Joshi, M and Liddicoat, S and others},
	Journal = {Geoscientific Model Development},
	Number = {4},
	Pages = {1051},
	Title = {Development and evaluation of an Earth-System model-HadGEM2},
	Volume = {4},
	Year = {2011}}

@article{yohe06,
	Author = {Yohe, G and Lasco, R and Ahmad, Qazi K and Cohen, S and Janetos, T and Perez, R and Ebi, K and Lankao, P Romero and Malone, E and Malone, T and others},
	Journal = {change},
	Number = {48},
	Pages = {49},
	Title = {Perspectives on Climate Change and Sustainability 3},
	Volume = {25},
	Year = {2006}}

@article{collins09,
	Author = {Collins, Kevin and Ison, Ray},
	Journal = {Environmental Policy and Governance},
	Number = {6},
	Pages = {351--357},
	Title = {Living with environmental change: adaptation as social learning},
	Volume = {19},
	Year = {2009}}

@article{bollinger12,
	Author = {Bollinger, Bryan and Gillingham, Kenneth},
	Journal = {Marketing Science},
	Number = {6},
	Pages = {900--912},
	Title = {Peer effects in the diffusion of solar photovoltaic panels},
	Volume = {31},
	Year = {2012}}

@article{nolan08,
	Author = {Nolan, Jessica M and Schultz, P Wesley and Cialdini, Robert B and Goldstein, Noah J and Griskevicius, Vladas},
	Journal = {Personality and social psychology bulletin},
	Number = {7},
	Pages = {913--923},
	Title = {Normative social influence is underdetected},
	Volume = {34},
	Year = {2008}}

@article{reed10,
	Author = {Reed, Mark and Evely, Anna and Cundill, Georgina and Fazey, Ioan and Glass, Jayne and Laing, Adele and Newig, Jens and Parrish, Brad and Prell, Christina and Raymond, Chris and others},
	Journal = {Ecology and Society},
	Number = {4},
	Title = {What is social learning?},
	Volume = {15},
	Year = {2010}}

@article{park12,
	Author = {Park, SE and Marshall, NA and Jakku, Emma and Dowd, Anne-Maree and Howden, SM and Mendham, Emily and Fleming, Aysha},
	Journal = {Global Environmental Change},
	Number = {1},
	Pages = {115--126},
	Title = {Informing adaptation responses to climate change through theories of transformation},
	Volume = {22},
	Year = {2012}}

@article{wostl08,
	Author = {Pahl-Wostl, Claudia and T{\`a}bara, David and Bouwen, Rene and Craps, Marc and Dewulf, Art and Mostert, Erik and Ridder, Dagmar and Taillieu, Tharsi},
	Journal = {Ecological economics},
	Number = {3},
	Pages = {484--495},
	Title = {The importance of social learning and culture for sustainable water management},
	Volume = {64},
	Year = {2008}}

@article{muro08,
	Author = {Muro, Melanie and Jeffrey, Paul},
	Journal = {Journal of environmental planning and management},
	Number = {3},
	Pages = {325--344},
	Title = {A critical review of the theory and application of social learning in participatory natural resource management processes},
	Volume = {51},
	Year = {2008}}

@article{wustenhagen07,
	Author = {W{\"u}stenhagen, Rolf and Wolsink, Maarten and B{\"u}rer, Mary Jean},
	Journal = {Energy policy},
	Number = {5},
	Pages = {2683--2691},
	Title = {Social acceptance of renewable energy innovation: An introduction to the concept},
	Volume = {35},
	Year = {2007}}

@article{shove10,
	Author = {Shove, Elizabeth},
	Journal = {Environment and planning A},
	Number = {6},
	Pages = {1273--1285},
	Title = {Beyond the ABC: climate change policy and theories of social change},
	Volume = {42},
	Year = {2010}}

@article{lee15,
	Author = {Lee, Eunju and Krasny, Marianne E},
	Journal = {Ecology and Society},
	Number = {1},
	Title = {The role of social learning for social-ecological systems in Korean village groves restoration},
	Volume = {20},
	Year = {2015}}

@article{ehrlich05,
	Author = {Ehrlich, Paul R and Kennedy, Donald},
	Journal = {Science},
	Number = {5734},
	Pages = {562--563},
	Title = {Millennium assessment of human behavior},
	Volume = {309},
	Year = {2005}}

@article{castree14,
	Author = {Castree, Noel and Adams, William M and Barry, John and Brockington, Daniel and B{\"u}scher, Bram and Corbera, Esteve and Demeritt, David and Duffy, Rosaleen and Felt, Ulrike and Neves, Katja and others},
	Journal = {Nature climate change},
	Number = {9},
	Pages = {763},
	Title = {Changing the intellectual climate},
	Volume = {4},
	Year = {2014}}

@article{aerts18,
	Author = {Aerts, JCJH and Botzen, WJ and Clarke, KC and Cutter, SL and Hall, JW and Merz, B and Michel-Kerjan, E and Mysiak, J and Surminski, Swenja and Kunreuther, H},
	Journal = {Nature Climate Change},
	Pages = {1},
	Title = {Integrating human behaviour dynamics into flood disaster risk assessment},
	Year = {2018}}

@article{clayton15,
	Author = {Clayton, Susan and Devine-Wright, Patrick and Stern, Paul C and Whitmarsh, Lorraine and Carrico, Amanda and Steg, Linda and Swim, Janet and Bonnes, Mirilia},
	Journal = {Nature Climate Change},
	Number = {7},
	Pages = {640},
	Title = {Psychological research and global climate change},
	Volume = {5},
	Year = {2015}}

@article{innes13,
	Author = {Innes, Clinton and Anand, Madhur and Bauch, Chris T},
	Journal = {Scientific reports},
	Pages = {2689},
	Title = {The impact of human-environment interactions on the stability of forest-grassland mosaic ecosystems},
	Volume = {3},
	Year = {2013}}

@article{nakajima92,
	Author = {Nakajima, Shinichi and Hayashi, Yoshi-Yuki and Abe, Yutaka},
	Journal = {Journal of the Atmospheric Sciences},
	Number = {23},
	Pages = {2256--2266},
	Title = {A study on the ``runaway greenhouse effect'' with a one-dimensional radiative--convective equilibrium model},
	Volume = {49},
	Year = {1992}}

@article{weber06,
	Author = {Weber, Elke U},
	Journal = {Climatic change},
	Number = {1-2},
	Pages = {103--120},
	Title = {Experience-based and description-based perceptions of long-term risk: Why global warming does not scare us (yet)},
	Volume = {77},
	Year = {2006}}

@article{rudman13,
	Author = {Rudman, Laurie A and McLean, Meghan C and Bunzl, Martin},
	Journal = {Psychological science},
	Number = {11},
	Pages = {2290--2296},
	Title = {When truth is personally inconvenient, attitudes change: the impact of extreme weather on implicit support for green politicians and explicit climate-change beliefs},
	Volume = {24},
	Year = {2013}}

@article{howe13,
	Author = {Howe, Peter D and Markowitz, Ezra M and Lee, Tien Ming and Ko, Chia-Ying and Leiserowitz, Anthony},
	Journal = {Nature Climate Change},
	Number = {4},
	Pages = {352},
	Title = {Global perceptions of local temperature change},
	Volume = {3},
	Year = {2013}}

@webpage{roser18,
	Url = {OurWorldInData.org.},
	Year = {2018}}

@techreport{schmidt09,
	Author = {Schmidt, G and Ruedy, R and Persin, A and Sato, M and Lo, K and GISTEMP Team and others},
	Institution = {Carbon Dioxide Information Analysis Center (CDIAC)},
	Title = {NASA GISS surface temperature (GISTEMP) analysis},
	Year = {2009}}

@article{houghton08,
	Author = {Houghton, RA},
	Journal = {Carbon Dioxide Information Analysis Center, Oak Ridge National Laboratory, US Department of Energy, Oak Ridge},
	Title = {Carbon Flux to the Atmosphere from Land-Use Changes: 1850-2005. In TRENDS: A Compendium of Data on Global Change},
	Year = {2008}}

@article{knox84,
	Author = {Knox, Fanny and McElroy, Michael B},
	Journal = {Journal of Geophysical Research: Atmospheres},
	Number = {D3},
	Pages = {4629--4637},
	Title = {Changes in atmospheric CO2: Influence of the marine biota at high latitude},
	Volume = {89},
	Year = {1984}}

@article{vuuren11,
	Author = {Van Vuuren, Detlef P and Edmonds, Jae and Kainuma, Mikiko and Riahi, Keywan and Thomson, Allison and Hibbard, Kathy and Hurtt, George C and Kram, Tom and Krey, Volker and Lamarque, Jean-Francois and others},
	Journal = {Climatic change},
	Number = {1-2},
	Pages = {5},
	Title = {The representative concentration pathways: an overview},
	Volume = {109},
	Year = {2011}}

@article{lenton08,
	Author = {Lenton, Timothy M and Held, Hermann and Kriegler, Elmar and Hall, Jim W and Lucht, Wolfgang and Rahmstorf, Stefan and Schellnhuber, Hans Joachim},
	Journal = {Proceedings of the national Academy of Sciences},
	Number = {6},
	Pages = {1786--1793},
	Title = {Tipping elements in the Earth's climate system},
	Volume = {105},
	Year = {2008}}

@article{janssen98,
	Author = {Janssen, Marco and De Vries, Bert},
	Journal = {Ecological economics},
	Number = {1},
	Pages = {43--65},
	Title = {The battle of perspectives: a multi-agent model with adaptive responses to climate change},
	Volume = {26},
	Year = {1998}}

@article{scheffer06,
	Author = {Scheffer, Marten and Brovkin, Victor and Cox, Peter M},
	Journal = {Geophysical Research Letters},
	Number = {10},
	Title = {Positive feedback between global warming and atmospheric CO2 concentration inferred from past climate change},
	Volume = {33},
	Year = {2006}}

@article{vannes15,
	Author = {Van Nes, Egbert H and Scheffer, Marten and Brovkin, Victor and Lenton, Timothy M and Ye, Hao and Deyle, Ethan and Sugihara, George},
	Journal = {Nature Climate Change},
	Number = {5},
	Pages = {445},
	Title = {Causal feedbacks in climate change},
	Volume = {5},
	Year = {2015}}

@article{ajzen91,
	Author = {Ajzen, Icek},
	Journal = {Organizational behavior and human decision processes},
	Number = {2},
	Pages = {179--211},
	Title = {The theory of planned behavior},
	Volume = {50},
	Year = {1991}}

@book{hofbauer98,
	Author = {Hofbauer, Josef and Sigmund, Karl},
	Publisher = {Cambridge university press},
	Title = {Evolutionary games and population dynamics},
	Year = {1998}}

@article{bauch05,
	Author = {Bauch, Chris T},
	Journal = {Proceedings of the Royal Society of London B: Biological Sciences},
	Number = {1573},
	Pages = {1669--1675},
	Title = {Imitation dynamics predict vaccinating behaviour},
	Volume = {272},
	Year = {2005}}

@article{bauch16,
	Author = {Bauch, Chris T and Sigdel, Ram and Pharaon, Joe and Anand, Madhur},
	Journal = {Proceedings of the National Academy of Sciences},
	Pages = {201604978},
	Title = {Early warning signals of regime shifts in coupled human--environment systems},
	Year = {2016}}

@article{beckage18,
	Author = {Beckage, Brian and Gross, Louis J and Lacasse, Katherine and Carr, Eric and Metcalf, Sara S and Winter, Jonathan M and Howe, Peter D and Fefferman, Nina and Franck, Travis and Zia, Asim and others},
	Journal = {Nature Climate Change},
	Pages = {1},
	Title = {Linking models of human behaviour and climate alters projected climate change},
	Year = {2018}}

@book{cox06,
	Author = {Cox, Peter M and Huntingford, Chris and Jones, Chris D},
	Publisher = {Cambridge University Press},
	Title = {Conditions for sink-to-source transitions and runaway feedbacks from the land carbon cycle},
	Year = {2006}}

@inproceedings{muryshev15,
	Author = {Muryshev, KE and Eliseev, AV and Mokhov, II and Timazhev, AV},
	Booktitle = {Doklady Earth Sciences},
	Organization = {Springer},
	Pages = {863--867},
	Title = {A lag between temperature and atmospheric CO2 concentration based on a simple coupled model of climate and the carbon cycle},
	Volume = {463},
	Year = {2015}}

@article{lenton00,
	Author = {Lenton, Timothy M},
	Journal = {Tellus B: Chemical and Physical Meteorology},
	Number = {5},
	Pages = {1159--1188},
	Title = {Land and ocean carbon cycle feedback effects on global warming in a simple Earth system model},
	Volume = {52},
	Year = {2000}}

@article{etkin10,
	Author = {Etkin, Bernard},
	Journal = {Climatic change},
	Number = {3-4},
	Pages = {403--406},
	Title = {A state space view of the ice ages---a new look at familiar data},
	Volume = {100},
	Year = {2010}}

@article{lenton12,
	Author = {Lenton, TM and Livina, VN and Dakos, V and Van Nes, EH and Scheffer, M},
	Journal = {Phil. Trans. R. Soc. A},
	Number = {1962},
	Pages = {1185--1204},
	Title = {Early warning of climate tipping points from critical slowing down: comparing methods to improve robustness},
	Volume = {370},
	Year = {2012}}

@article{cox00,
	Author = {Cox, Peter M and Betts, Richard A and Jones, Chris D and Spall, Steven A and Totterdell, Ian J},
	Journal = {Nature},
	Number = {6809},
	Pages = {184},
	Title = {Acceleration of global warming due to carbon-cycle feedbacks in a coupled climate model},
	Volume = {408},
	Year = {2000}}
