%% This BibTeX bibliography file was created using BibDesk.
%% http://bibdesk.sourceforge.net/


%% Created for Tom Bury at 2018-04-13 17:40:01 -0400 


%% Saved with string encoding Unicode (UTF-8) 



@article{reed10,
	Author = {Reed, Mark and Evely, Anna and Cundill, Georgina and Fazey, Ioan and Glass, Jayne and Laing, Adele and Newig, Jens and Parrish, Brad and Prell, Christina and Raymond, Chris and others},
	Journal = {Ecology and Society},
	Number = {4},
	Title = {What is social learning?},
	Volume = {15},
	Year = {2010}}

@article{park12,
	Author = {Park, SE and Marshall, NA and Jakku, Emma and Dowd, Anne-Maree and Howden, SM and Mendham, Emily and Fleming, Aysha},
	Journal = {Global Environmental Change},
	Number = {1},
	Pages = {115--126},
	Title = {Informing adaptation responses to climate change through theories of transformation},
	Volume = {22},
	Year = {2012}}

@article{wostl08,
	Author = {Pahl-Wostl, Claudia and T{\`a}bara, David and Bouwen, Rene and Craps, Marc and Dewulf, Art and Mostert, Erik and Ridder, Dagmar and Taillieu, Tharsi},
	Journal = {Ecological economics},
	Number = {3},
	Pages = {484--495},
	Title = {The importance of social learning and culture for sustainable water management},
	Volume = {64},
	Year = {2008}}

@article{muro08,
	Author = {Muro, Melanie and Jeffrey, Paul},
	Journal = {Journal of environmental planning and management},
	Number = {3},
	Pages = {325--344},
	Title = {A critical review of the theory and application of social learning in participatory natural resource management processes},
	Volume = {51},
	Year = {2008}}

@article{wustenhagen07,
	Author = {W{\"u}stenhagen, Rolf and Wolsink, Maarten and B{\"u}rer, Mary Jean},
	Journal = {Energy policy},
	Number = {5},
	Pages = {2683--2691},
	Title = {Social acceptance of renewable energy innovation: An introduction to the concept},
	Volume = {35},
	Year = {2007}}

@article{shove10,
	Author = {Shove, Elizabeth},
	Journal = {Environment and planning A},
	Number = {6},
	Pages = {1273--1285},
	Title = {Beyond the ABC: climate change policy and theories of social change},
	Volume = {42},
	Year = {2010}}

@article{lee15,
	Author = {Lee, Eunju and Krasny, Marianne E},
	Journal = {Ecology and Society},
	Number = {1},
	Title = {The role of social learning for social-ecological systems in Korean village groves restoration},
	Volume = {20},
	Year = {2015}}

@article{ehrlich05,
	Author = {Ehrlich, Paul R and Kennedy, Donald},
	Journal = {Science},
	Number = {5734},
	Pages = {562--563},
	Title = {Millennium assessment of human behavior},
	Volume = {309},
	Year = {2005}}

@article{castree14,
	Author = {Castree, Noel and Adams, William M and Barry, John and Brockington, Daniel and B{\"u}scher, Bram and Corbera, Esteve and Demeritt, David and Duffy, Rosaleen and Felt, Ulrike and Neves, Katja and others},
	Journal = {Nature climate change},
	Number = {9},
	Pages = {763},
	Title = {Changing the intellectual climate},
	Volume = {4},
	Year = {2014}}

@article{aerts18,
	Author = {Aerts, JCJH and Botzen, WJ and Clarke, KC and Cutter, SL and Hall, JW and Merz, B and Michel-Kerjan, E and Mysiak, J and Surminski, Swenja and Kunreuther, H},
	Journal = {Nature Climate Change},
	Pages = {1},
	Title = {Integrating human behaviour dynamics into flood disaster risk assessment},
	Year = {2018}}

@article{clayton15,
	Author = {Clayton, Susan and Devine-Wright, Patrick and Stern, Paul C and Whitmarsh, Lorraine and Carrico, Amanda and Steg, Linda and Swim, Janet and Bonnes, Mirilia},
	Journal = {Nature Climate Change},
	Number = {7},
	Pages = {640},
	Title = {Psychological research and global climate change},
	Volume = {5},
	Year = {2015}}

@article{innes13,
	Author = {Innes, Clinton and Anand, Madhur and Bauch, Chris T},
	Journal = {Scientific reports},
	Pages = {2689},
	Title = {The impact of human-environment interactions on the stability of forest-grassland mosaic ecosystems},
	Volume = {3},
	Year = {2013}}

@article{nakajima92,
	Author = {Nakajima, Shinichi and Hayashi, Yoshi-Yuki and Abe, Yutaka},
	Journal = {Journal of the Atmospheric Sciences},
	Number = {23},
	Pages = {2256--2266},
	Title = {A study on the ``runaway greenhouse effect'' with a one-dimensional radiative--convective equilibrium model},
	Volume = {49},
	Year = {1992}}

@article{huntingford00,
	Author = {Huntingford, Chris and Cox, PM},
	Journal = {Climate dynamics},
	Number = {8},
	Pages = {575--586},
	Title = {An analogue model to derive additional climate change scenarios from existing GCM simulations},
	Volume = {16},
	Year = {2000}}

@article{friend97,
	Author = {Friend, AD and Stevens, AK and Knox, RG and Cannell, MGR},
	Journal = {Ecological Modelling},
	Number = {2-3},
	Pages = {249--287},
	Title = {A process-based, terrestrial biosphere model of ecosystem dynamics (Hybrid v3. 0)},
	Volume = {95},
	Year = {1997}}

@article{weber06,
	Author = {Weber, Elke U},
	Journal = {Climatic change},
	Number = {1-2},
	Pages = {103--120},
	Title = {Experience-based and description-based perceptions of long-term risk: Why global warming does not scare us (yet)},
	Volume = {77},
	Year = {2006}}

@article{rudman13,
	Author = {Rudman, Laurie A and McLean, Meghan C and Bunzl, Martin},
	Journal = {Psychological science},
	Number = {11},
	Pages = {2290--2296},
	Title = {When truth is personally inconvenient, attitudes change: the impact of extreme weather on implicit support for green politicians and explicit climate-change beliefs},
	Volume = {24},
	Year = {2013}}

@article{van11,
	Author = {Van Vuuren, Detlef P and Edmonds, Jae and Kainuma, Mikiko and Riahi, Keywan and Thomson, Allison and Hibbard, Kathy and Hurtt, George C and Kram, Tom and Krey, Volker and Lamarque, Jean-Francois and others},
	Journal = {Climatic change},
	Number = {1-2},
	Pages = {5},
	Title = {The representative concentration pathways: an overview},
	Volume = {109},
	Year = {2011}}

@article{howe13,
	Author = {Howe, Peter D and Markowitz, Ezra M and Lee, Tien Ming and Ko, Chia-Ying and Leiserowitz, Anthony},
	Journal = {Nature Climate Change},
	Number = {4},
	Pages = {352},
	Title = {Global perceptions of local temperature change},
	Volume = {3},
	Year = {2013}}

@webpage{roser18,
	Url = {OurWorldInData.org.},
	Year = {2018}}

@techreport{schmidt09,
	Author = {Schmidt, G and Ruedy, R and Persin, A and Sato, M and Lo, K and GISTEMP Team and others},
	Institution = {Carbon Dioxide Information Analysis Center (CDIAC)},
	Title = {NASA GISS surface temperature (GISTEMP) analysis},
	Year = {2009}}

@article{houghton08,
	Author = {Houghton, RA},
	Journal = {Carbon Dioxide Information Analysis Center, Oak Ridge National Laboratory, US Department of Energy, Oak Ridge},
	Title = {Carbon Flux to the Atmosphere from Land-Use Changes: 1850-2005. In TRENDS: A Compendium of Data on Global Change},
	Year = {2008}}

@article{boden17,
	Author = {Boden, TA and Marland, Gregg and Andres, RJ},
	Title = {Global, regional, and national fossil fuel CO2 emissions},
	Year = {2017}}

@article{knox84,
	Author = {Knox, Fanny and McElroy, Michael B},
	Journal = {Journal of Geophysical Research: Atmospheres},
	Number = {D3},
	Pages = {4629--4637},
	Title = {Changes in atmospheric CO2: Influence of the marine biota at high latitude},
	Volume = {89},
	Year = {1984}}

@article{vuuren11,
	Author = {Van Vuuren, Detlef P and Edmonds, Jae and Kainuma, Mikiko and Riahi, Keywan and Thomson, Allison and Hibbard, Kathy and Hurtt, George C and Kram, Tom and Krey, Volker and Lamarque, Jean-Francois and others},
	Journal = {Climatic change},
	Number = {1-2},
	Pages = {5},
	Title = {The representative concentration pathways: an overview},
	Volume = {109},
	Year = {2011}}

@article{lenton08,
	Author = {Lenton, Timothy M and Held, Hermann and Kriegler, Elmar and Hall, Jim W and Lucht, Wolfgang and Rahmstorf, Stefan and Schellnhuber, Hans Joachim},
	Journal = {Proceedings of the national Academy of Sciences},
	Number = {6},
	Pages = {1786--1793},
	Title = {Tipping elements in the Earth's climate system},
	Volume = {105},
	Year = {2008}}

@article{janssen98,
	Author = {Janssen, Marco and De Vries, Bert},
	Journal = {Ecological economics},
	Number = {1},
	Pages = {43--65},
	Title = {The battle of perspectives: a multi-agent model with adaptive responses to climate change},
	Volume = {26},
	Year = {1998}}

@article{scheffer06,
	Author = {Scheffer, Marten and Brovkin, Victor and Cox, Peter M},
	Journal = {Geophysical Research Letters},
	Number = {10},
	Title = {Positive feedback between global warming and atmospheric CO2 concentration inferred from past climate change},
	Volume = {33},
	Year = {2006}}

@article{vannes15,
	Author = {Van Nes, Egbert H and Scheffer, Marten and Brovkin, Victor and Lenton, Timothy M and Ye, Hao and Deyle, Ethan and Sugihara, George},
	Journal = {Nature Climate Change},
	Number = {5},
	Pages = {445},
	Title = {Causal feedbacks in climate change},
	Volume = {5},
	Year = {2015}}

@article{ajzen91,
	Author = {Ajzen, Icek},
	Journal = {Organizational behavior and human decision processes},
	Number = {2},
	Pages = {179--211},
	Title = {The theory of planned behavior},
	Volume = {50},
	Year = {1991}}

@book{hofbauer98,
	Author = {Hofbauer, Josef and Sigmund, Karl},
	Publisher = {Cambridge university press},
	Title = {Evolutionary games and population dynamics},
	Year = {1998}}

@article{bauch05,
	Author = {Bauch, Chris T},
	Journal = {Proceedings of the Royal Society of London B: Biological Sciences},
	Number = {1573},
	Pages = {1669--1675},
	Title = {Imitation dynamics predict vaccinating behaviour},
	Volume = {272},
	Year = {2005}}

@article{bauch16,
	Author = {Bauch, Chris T and Sigdel, Ram and Pharaon, Joe and Anand, Madhur},
	Journal = {Proceedings of the National Academy of Sciences},
	Pages = {201604978},
	Title = {Early warning signals of regime shifts in coupled human--environment systems},
	Year = {2016}}

@article{beckage18,
	Author = {Beckage, Brian and Gross, Louis J and Lacasse, Katherine and Carr, Eric and Metcalf, Sara S and Winter, Jonathan M and Howe, Peter D and Fefferman, Nina and Franck, Travis and Zia, Asim and others},
	Journal = {Nature Climate Change},
	Pages = {1},
	Title = {Linking models of human behaviour and climate alters projected climate change},
	Year = {2018}}

@incollection{cox06,
	Author = {Cox, Peter M and Huntingford, Chris and Jones, Chris D},
	Publisher = {Cambridge University Press},
	Title = {Conditions for sink-to-source transitions and runaway feedbacks from the land carbon cycle},
	Year = {2006}}

@inproceedings{muryshev15,
	Author = {Muryshev, KE and Eliseev, AV and Mokhov, II and Timazhev, AV},
	Booktitle = {Doklady Earth Sciences},
	Month = {carbon cycle},
	Number = {2},
	Organization = {Springer},
	Pages = {863--867},
	Title = {A lag between temperature and atmospheric CO2 concentration based on a simple coupled model of climate and the carbon cycle},
	Volume = {463},
	Year = {2015}}

@article{lenton00,
	Author = {Lenton, Timothy M},
	Journal = {Tellus B: Chemical and Physical Meteorology},
	Number = {5},
	Pages = {1159--1188},
	Title = {Land and ocean carbon cycle feedback effects on global warming in a simple Earth system model},
	Volume = {52},
	Year = {2000}}

@article{etkin10,
	Author = {Etkin, Bernard},
	Journal = {Climatic change},
	Number = {3-4},
	Pages = {403--406},
	Title = {A state space view of the ice ages---a new look at familiar data},
	Volume = {100},
	Year = {2010}}

@article{lenton12,
	Author = {Lenton, TM and Livina, VN and Dakos, V and Van Nes, EH and Scheffer, M},
	Journal = {Phil. Trans. R. Soc. A},
	Number = {1962},
	Pages = {1185--1204},
	Title = {Early warning of climate tipping points from critical slowing down: comparing methods to improve robustness},
	Volume = {370},
	Year = {2012}}

@article{cox00,
	Author = {Cox, Peter M and Betts, Richard A and Jones, Chris D and Spall, Steven A and Totterdell, Ian J},
	Journal = {Nature},
	Number = {6809},
	Pages = {184},
	Title = {Acceleration of global warming due to carbon-cycle feedbacks in a coupled climate model},
	Volume = {408},
	Year = {2000}}

@article{marland00,
	Author = {Marland, Gregg and Boden, TA and Andres, RJ and Brenkert, AL and Johnston, CA},
	Journal = {Trends: A compendium of data on global change},
	Pages = {37},
	Title = {Global, regional, and national fossil fuel CO2 emissions},
	Year = {2000}}
